<?xml version="1.0" encoding="UTF-8"?><record xmlns="http://www.loc.gov/MARC21/slim" xmlns:cinclude="http://apache.org/cocoon/include/1.0" xmlns:zs="http://www.loc.gov/zing/srw/">
  <leader>00445cz  a2200133n  4500</leader>
  <controlfield tag="001">n  81107463 </controlfield>
  <controlfield tag="003">DLC</controlfield>
  <controlfield tag="005">20090118080809.0</controlfield>
  <controlfield tag="008">810929n| acannaabn          |n aaa     c</controlfield>
  <datafield tag="010" ind1=" " ind2=" ">
    <subfield code="a">n  81107463 </subfield>
  </datafield>
  <datafield tag="035" ind1=" " ind2=" ">
    <subfield code="a">(OCoLC)oca00652522</subfield>
  </datafield>
  <datafield tag="040" ind1=" " ind2=" ">
    <subfield code="a">N</subfield>
    <subfield code="b">eng</subfield>
    <subfield code="c">DLC</subfield>
    <subfield code="d">OCoLC</subfield>
  </datafield>
  <datafield tag="100" ind1="1" ind2=" ">
    <subfield code="a">Lopez, Stephen</subfield>
  </datafield>
  <datafield tag="670" ind1=" " ind2=" ">
    <subfield code="a">His Changing New York City's waterfront, 1979:</subfield>
    <subfield code="b">cover t.p. (Stephen Lopez) p. 2 of cover (extension specialist, New York Sea Grant Extension Program)</subfield>
  </datafield>
</record>